 @book{acheson1990elementary,
  title={Elementary Fluid Dynamics},
  author={Acheson, D.J.},
  isbn={9780198596790},
  lccn={89022947},
  series={Comparative Pathobiology - Studies in the Postmodern Theory of Education},
  url={https://books.google.ca/books?id=IGfDBAAAQBAJ},
  year={1990},
  publisher={Clarendon Press}
}
 
@article{smith_montgomery_2017, title={Understanding Hurricanes}, url={https://www.meteo.physik.uni-muenchen.de/~roger/Publications/M25.pdf}, journal={Meteorological Institute, Ludwig Maximilians University of Munich}, author={Smith, Roger K. and Montgomery, Michael T.}, year={2017}} 

@inbook{holton_hakim_2019, place={Amsterdam}, edition={5th}, title={{Introduction to dynamic meteorology, Chapter 9.7: Hurricanes}}, booktitle={An introduction to dynamic meteorology}, publisher={Academic Press}, author={Holton, James R. and Hakim, Gregory J.}, year={2019}, pages={312–321},
url=http://202.38.64.11/~qiu/Holton2012.pdf} 
 
@book{randall_2011, place={San Diego etc.}, edition={1st}, title={General Circulation Model Development: Past, present, and future}, publisher={Academic Press}, author={Randall, David}, year={2011}} 
 
@article{noaa, title={Hurricane costs}, url={https://coast.noaa.gov/states/fast-facts/hurricane-costs.html}, journal={NOAA Office for Coastal Management}} 



@article{doi:10.1063/1.1699784,
author = {Riehl,Herbert },
title = {A Model of Hurricane Formation},
journal = {Journal of Applied Physics},
volume = {21},
number = {9},
pages = {917-925},
year = {1950},
doi = {10.1063/1.1699784},

URL = { 
        https://doi.org/10.1063/1.1699784
    
},
eprint = { 
        https://doi.org/10.1063/1.1699784   
}
}

@book{cohen2004fluid,
  title={Fluid Mechanics},
  author={Cohen, I.M. and Kundu, P.K. and Hu, H.},
  isbn={9780080470238},
  url={https://books.google.ca/books?id=jm1lS6EcILUC},
  year={2004},
  publisher={Elsevier Science}
}

@book{nebeker1995calculating,
  title={Calculating the Weather: Meteorology in the 20th Century},
  author={Nebeker, F.},
  isbn={9780080528410},
  series={ISSN},
  url={https://books.google.ca/books?id=sYEBl7QfqS0C},
  year={1995},
  publisher={Elsevier Science}
}

 @article{develop, title={Hurricane development: From birth to maturity}, url={http://www.hurricanescience.org/science/science/development/}, journal={Hurricanes}, publisher={University of Rhode Island}} 

 @article{swic, title={Severe weather information centre}, url={https://severeweather.wmo.int/}, journal={SWIC}} 
 
 @inproceedings{Silvia2001,
author = {Silva, Rodolfo and Díaz-Hernández, Gabriel and Pedrozo-Acuña, Adrián and Salles, Paulo and Aguilar, Beatriz},
year = {2001},
month = {07},
pages = {},
title = {{Oceanographic risk from hurricanes on the Mexican Pacific Coast}}
}

@article{reasormontgomery2015,
title={ Evaluation of a Heuristic Model for Tropical Cyclone Resilience},
author={ Reasor, P. D. and Montgomery, M. T.},
year={2015},
volume={72},
number={5},
pages={1765-1782},
doi={https://doi.org/10.1175/JAS-D-14-0318.1},
journal={Journal of the Atmospheric Sciences},
}

@Article{reimer2013,
AUTHOR = {Riemer, M. and Montgomery, M. T. and Nicholls, M. E.},
TITLE = {Further examination of the thermodynamic modification of the inflow layer of tropical cyclones by vertical wind shear},
JOURNAL = {Atmospheric Chemistry and Physics},
VOLUME = {13},
YEAR = {2013},
NUMBER = {1},
PAGES = {327--346},
URL = {https://acp.copernicus.org/articles/13/327/2013/},
DOI = {10.5194/acp-13-327-2013}
}

@article{Jones1995,
author = {Jones, Sarah C.},
title = {{The evolution of vortices in vertical shear. I: Initially barotropic vortices}},
journal = {Quarterly Journal of the Royal Meteorological Society},
volume = {121},
number = {524},
pages = {821-851},
keywords = {Tropical cyclones, Vertical shear, Vertical circulation, Vortices},
doi = {https://doi.org/10.1002/qj.49712152406},
url = {https://rmets.onlinelibrary.wiley.com/doi/abs/10.1002/qj.49712152406},
eprint = {https://rmets.onlinelibrary.wiley.com/doi/pdf/10.1002/qj.49712152406},
year = {1995}
}

@ARTICLE{Ooyama1969,
       author = {{Ooyama}, Katsuyuki},
        title = {Numerical Simulation of the Life Cycle of Tropical Cyclones.},
      journal = {Journal of Atmospheric Sciences},
         year = 1969,
        month = jan,
       volume = {26},
       number = {1},
        pages = {3-40},
          doi = {10.1175/1520-0469(1969)026<0003:NSOTLC>2.0.CO;2},
       adsurl = {https://ui.adsabs.harvard.edu/abs/1969JAtS...26....3O},
      adsnote = {Provided by the SAO/NASA Astrophysics Data System}
}
 
 Cool stuff: https://www.tropicaltidbits.com/analysis/models/?model=hwrf&region=26W&pkg=ref&runtime=2022102700&fh=3

 http://www.hurricanescience.org/science/science/development/
 
 